<?xml version="1.0" encoding="UTF-8"?><collection xmlns="http://www.loc.gov/MARC21/slim"><record><leader>00368nam--2200145-i-4500</leader><controlfield tag="001">000004187</controlfield><controlfield tag="002">20161230</controlfield><controlfield tag="005">20170222174928</controlfield><controlfield tag="008">060222s1000------------r-----000-0-eng-d</controlfield><datafield ind1=" " ind2=" " tag="100"><subfield code="a">Bunn, E. S</subfield></datafield><datafield ind1=" " ind2=" " tag="245"><subfield code="a">Copper and copper base alloys</subfield></datafield><datafield ind1=" " ind2=" " tag="260"><subfield code="a">New York</subfield><subfield code="b">Mcgraw-hill Book Co.Inc</subfield><subfield code="c">1943</subfield></datafield><datafield ind1=" " ind2=" " tag="300"><subfield code="a">355 p</subfield></datafield><datafield ind1=" " ind2=" " tag="700"><subfield code="a">Wilkins, R. A</subfield></datafield><datafield ind1=" " ind2=" " tag="CAT"><subfield code="a">SYS</subfield><subfield code="c">20170222</subfield><subfield code="h">174928</subfield></datafield></record></collection>